<record><leader>00000cas a2200000 a 4500</leader><controlfield tag="001">9118154</controlfield><controlfield tag="008">830111d19561992nyuwr ne      0    0eng d</controlfield><datafield ind1=" " ind2=" " tag="010"><subfield code="a">sn 92061906 </subfield><subfield code="z">sn 86071743 </subfield></datafield><datafield ind1=" " ind2=" " tag="040"><subfield code="a">WIH</subfield><subfield code="b">eng</subfield><subfield code="c">WIH</subfield><subfield code="d">WIH</subfield><subfield code="d">NYS</subfield><subfield code="d">DLC</subfield><subfield code="d">OCL</subfield><subfield code="d">NYS</subfield><subfield code="d">OCL</subfield><subfield code="d">OCLCQ</subfield><subfield code="d">OCLCF</subfield><subfield code="d">OCLCO</subfield></datafield><datafield ind1=" " ind2=" " tag="019"><subfield code="a">13944175</subfield></datafield><datafield ind1="1" ind2=" " tag="029"><subfield code="a">AU@</subfield><subfield code="b">000025907311</subfield></datafield><datafield ind1=" " ind2=" " tag="042"><subfield code="a">msc</subfield></datafield><datafield ind1=" " ind2=" " tag="043"><subfield code="a">n-us-ny</subfield></datafield><datafield ind1="0" ind2="0" tag="050"><subfield code="a">Newspaper 9107</subfield></datafield><datafield ind1="0" ind2="4" tag="245"><subfield code="a">The Champ planer.</subfield></datafield><datafield ind1="1" ind2="7" tag="246"><subfield code="a">Champ-planer</subfield></datafield><datafield ind1="3" ind2="0" tag="246"><subfield code="a">Champlaner</subfield></datafield><datafield ind1=" " ind2=" " tag="260"><subfield code="a">Plattsburgh, N.Y. :</subfield><subfield code="b">Plattsburgh Pub. Co.,</subfield><subfield code="c">1956-</subfield></datafield><datafield ind1=" " ind2=" " tag="300"><subfield code="a">v. :</subfield><subfield code="b">ill. ;</subfield><subfield code="c">39-58 cm.</subfield></datafield><datafield ind1=" " ind2=" " tag="310"><subfield code="a">Weekly</subfield></datafield><datafield ind1="0" ind2=" " tag="362"><subfield code="a">Vol. 1, no. 1 (Apr. 20, 1956)-</subfield></datafield><datafield ind1="1" ind2=" " tag="362"><subfield code="a">Ceased in Dec. 1992.</subfield></datafield><datafield ind1=" " ind2=" " tag="500"><subfield code="a">"An unofficial newspaper published in the interest of personnel at Plattsburgh Air Force Base," &lt;1957&gt;.</subfield></datafield><datafield ind1=" " ind2=" " tag="500"><subfield code="a">Published as: The Champlaner, &lt;1962-1992&gt;.</subfield></datafield><datafield ind1=" " ind2=" " tag="500"><subfield code="a">Published by: Plattsburgh Press-Republican, &lt;1962-1966&gt;; Press-Republican, &lt;1967-1992&gt;.</subfield></datafield><datafield ind1=" " ind2=" " tag="520"><subfield code="a">Personnel at Plattsburgh AFB, N.Y., a Strategic Air Command installation.</subfield></datafield><datafield ind1=" " ind2=" " tag="530"><subfield code="a">Available on microfilm from the State Historical Society of Wisconsin.</subfield></datafield><datafield ind1=" " ind2="0" tag="650"><subfield code="a">Air bases</subfield><subfield code="z">New York (State)</subfield><subfield code="z">Plattsburgh</subfield><subfield code="v">Newspapers.</subfield></datafield><datafield ind1=" " ind2="0" tag="651"><subfield code="a">Plattsburgh (N.Y.)</subfield><subfield code="v">Newspapers.</subfield></datafield><datafield ind1=" " ind2="0" tag="651"><subfield code="a">Clinton County (N.Y.)</subfield><subfield code="v">Newspapers.</subfield></datafield><datafield ind1=" " ind2="7" tag="655"><subfield code="a">Newspapers.</subfield><subfield code="2">fast</subfield><subfield code="0">(OCoLC)fst01423814</subfield></datafield><datafield ind1=" " ind2="7" tag="650"><subfield code="a">Air bases.</subfield><subfield code="2">fast</subfield><subfield code="0">(OCoLC)fst00802224</subfield></datafield><datafield ind1=" " ind2="7" tag="651"><subfield code="a">New York (State)</subfield><subfield code="z">Clinton County.</subfield><subfield code="2">fast</subfield><subfield code="0">(OCoLC)fst01212830</subfield></datafield><datafield ind1=" " ind2="7" tag="651"><subfield code="a">New York (State)</subfield><subfield code="z">Plattsburgh.</subfield><subfield code="2">fast</subfield><subfield code="0">(OCoLC)fst01212838</subfield></datafield><datafield ind1="1" ind2=" " tag="710"><subfield code="a">United States.</subfield><subfield code="b">Air Force.</subfield><subfield code="b">Strategic Air Command.</subfield></datafield><datafield ind1=" " ind2=" " tag="752"><subfield code="a">United States</subfield><subfield code="b">New York</subfield><subfield code="c">Clinton</subfield><subfield code="d">Plattsburgh.</subfield></datafield><datafield ind1="0" ind2="0" tag="785"><subfield code="t">North Country Champlaner</subfield><subfield code="w">(DLC)sn 93063669</subfield><subfield code="w">(OCoLC)28903033</subfield></datafield></record>